
@article{kuchyanovLazernayaGeneraciyaOpalopodobnyh2016,
	title = {Лазерная генерация в опалоподобных монокристаллических и гетероструктурных фотонных кристаллах},
	volume = {52},
	issn = {03207102},
	url = {http://sibran.ru/journals/issue.php?ID=169381&ARTICLE_ID=169393},
	doi = {10.15372/AUT20160612},
	pages = {96--102},
	number = {6},
	journaltitle = {Автометрия},
	shortjournal = {{AUT}},
	author = {Кучьянов, Александр Сергеевич and Плеханов, Александр Иванович},
	urldate = {2021-10-02},
	date = {2016},
	langid = {russian},
	keywords = {yes, сравнение, silica, вытягивание},
	file = {2016 - LASER GENERATION IN OPAL-LIKE SINGLE-CRYSTAL AND H.pdf:/home/max/Documents/zotero/storage/I4JEUWR2/2016 - LASER GENERATION IN OPAL-LIKE SINGLE-CRYSTAL AND H.pdf:application/pdf},
}

@article{straufLasingWoodpiles2011,
	title = {Lasing woodpiles},
	volume = {5},
	issn = {1749-4893},
	url = {https://doi.org/10.1038/nphoton.2011.4},
	doi = {10.1038/nphoton.2011.4},
	abstract = {A new woodpile-type photonic crystal nanocavity with a three-dimensional bandgap that supports lasing from embedded quantum dots paves the way for three-dimensional integrated photonic circuits and highly efficient nanolasers.},
	pages = {72--74},
	number = {2},
	journaltitle = {Nature Photonics},
	shortjournal = {Nature Photonics},
	author = {Strauf, Stefan},
	urldate = {2021-10-02},
	date = {2011-02-01},
	keywords = {yes, stacking, bottom-up vs top-down},
	file = {Strauf - 2011 - Lasing woodpiles.pdf:/home/max/Documents/zotero/storage/GC4PHPT3/Strauf - 2011 - Lasing woodpiles.pdf:application/pdf},
}

@article{zhaoSphericalColloidalPhotonic2014,
	title = {Spherical Colloidal Photonic Crystals},
	volume = {47},
	issn = {0001-4842},
	url = {https://doi.org/10.1021/ar500317s},
	doi = {10.1021/ar500317s},
	pages = {3632--3642},
	number = {12},
	journaltitle = {Accounts of Chemical Research},
	shortjournal = {Acc. Chem. Res.},
	author = {Zhao, Yuanjin and Shang, Luoran and Cheng, Yao and Gu, Zhongze},
	urldate = {2021-10-02},
	date = {2014-12-16},
	note = {Publisher: American Chemical Society},
	keywords = {yes, сравнение, осаждение, silica, удаление},
	file = {Zhao et al. - 2014 - Spherical Colloidal Photonic Crystals.pdf:/home/max/Documents/zotero/storage/DMI2DLWP/Zhao et al. - 2014 - Spherical Colloidal Photonic Crystals.pdf:application/pdf},
}